\DeclareNameAlias{sortname}{last-first}
@Book{sts626,
  Title                    = {Statistics of Extremes: Theory and Applications},
  Author                   = {J. Beirlant and Y. Goegebeur and J. Segers and J. Teugels},
  Editor                   = {A S. Walter and WS. Samuel},
  Publisher                = {John Wiley \& Sons, Ltd},
  Year                     = {2004},
  Series                   = {Wiley Series in Probability and Statistics}
}

@article{worms2018extreme,
  title={Extreme value statistics for censored data with heavy tails under competing risks},
  author={Worms, Julien and Worms, Rym},
  journal={Metrika},
  volume={81},
  number={7},
  pages={849--889},
  year={2018},
  publisher={Springer}
}
 @Manual{shiny,
    title = {shiny: Web Application Framework for R},
    author = {Winston Chang and Joe Cheng and JJ Allaire and Yihui Xie and Jonathan McPherson},
    year = {2018},
    note = {R package version 1.1.0},
    url = {https://CRAN.R-project.org/package=shiny},
  }
  
  @article{caeiro2015threshold,
  title={Threshold selection in extreme value analysis},
  author={Caeiro, Frederico and Gomes, M Ivette},
  journal={Extreme Value Modeling and Risk Analysis: Methods and Applications},
  pages={69--82},
  year={2015},
  publisher={Chapman-Hall/CRC}
}
  
  @article{caeiro2002class,
  title={A class of asymptotically unbiased semi-parametric estimators of the tail index},
  author={Caeiro, Frederico and Gomes, M Ivette},
  journal={Test},
  volume={11},
  number={2},
  pages={345--364},
  year={2002},
  publisher={Springer}
}

@article{caeiro2008minimum,
  title={Minimum-variance reduced-bias tail index and high quantile estimation},
  author={Caeiro, Frederico and Gomes, M Ivette},
  journal={Revstat},
  volume={6},
  number={1},
  pages={1--20},
  year={2008}
}

@article{gomes2008tail,
  title={Tail index estimation for heavy-tailed models: accommodation of bias in weighted log-excesses},
  author={Gomes, M Ivette and de Haan, Laurens and Rodrigues, L{\'\i}gia Henriques},
  journal={Journal of the Royal Statistical Society: Series B (Statistical Methodology)},
  volume={70},
  number={1},
  pages={31--52},
  year={2008},
  publisher={Wiley Online Library}
}
@article{gomes2007sturdy,
  title={A sturdy reduced-bias extreme quantile (VaR) estimator},
  author={Gomes, M Ivette and Pestana, Dinis},
  journal={Journal of the American Statistical Association},
  volume={102},
  number={477},
  pages={280--292},
  year={2007},
  publisher={Taylor \& Francis}
}

@article{ivette2007simple,
  title={A simple second-order reduced bias’ tail index estimator},
  author={Gomes, M Ivette and Pestana, Dinis},
  journal={Journal of Statistical Computation and Simulation},
  volume={77},
  number={6},
  pages={487--502},
  year={2007},
  publisher={Taylor \& Francis}
}

@article{gomes2005revisiting,
  title={Revisiting the role of the jackknife methodology in the estimation of a positive tail index},
  author={Gomes, M Ivette and Pereira, Hugo and Miranda, M Cristina},
  journal={Communications in Statistics-Theory and Methods},
  volume={34},
  number={2},
  pages={319--335},
  year={2005},
  publisher={Taylor \& Francis}
}

@article{gomes2002semi,
  title={Semi-parametric estimation of the second order parameter in statistics of extremes},
  author={Gomes, M Ivette and de Haan, Laurens and Peng, Liang},
  journal={Extremes},
  volume={5},
  number={4},
  pages={387--414},
  year={2002},
  publisher={Springer}
}
@article{gomesa2002asymptotically,
  title={“Asymptotically unbiased” estimators of the tail index based on external estimation of the second order parameter},
  author={Gomes, M Ivette and Martins, M Jo{\~a}o},
  journal={Extremes},
  volume={5},
  number={1},
  pages={5--31},
  year={2002},
  publisher={Springer}
}
@article{peng1998asymptotically,
  title={Asymptotically unbiased estimators for the extreme-value index},
  author={Peng, L},
  journal={Statistics \& Probability Letters},
  volume={38},
  number={2},
  pages={107--115},
  year={1998},
  publisher={Elsevier}
}

@Manual{R,
    title = {R: A Language and Environment for Statistical Computing},
    author = {{R Development Core Team}},
    organization = {R Foundation for Statistical Computing},
    address = {Vienna, Austria},
    year = {2008},
    note = {{ISBN} 3-900051-07-0},
    url = {http://www.R-project.org},
  }
@article{carreau2017partitioning,
  title={Partitioning into hazard subregions for regional peaks-over-threshold modeling of heavy precipitation},
  author={Carreau, Julie and Naveau, P and Neppel, L},
  journal={Water Resources Research},
  volume={53},
  number={5},
  pages={4407--4426},
  year={2017},
  publisher={Wiley Online Library}
}

@book{de2007extreme,
  title={Extreme value theory: an introduction},
  author={de Haan, Laurens and Ferreira, Ana},
  year={2006},
  publisher={Springer Science \& Business Media}
}

@article{brahimi2015nelson,
  title={Nelson-Aalen tail product-limit process and extreme value index estimation under random censorship},
  author={Brahimi, Brahim and Meraghni, Djamel and Necir, Abdelhakim},
  journal={arXiv preprint arXiv:1502.03955},
  year={2015}
}

@article{naveau2016modeling,
  title={Modeling jointly low, moderate, and heavy rainfall intensities without a threshold selection},
  author={Naveau, Philippe and Huser, Raphael and Ribereau, Pierre and Hannart, Alexis},
  journal={Water Resources Research},
  volume={52},
  number={4},
  pages={2753--2769},
  year={2016},
  publisher={Wiley Online Library}
}

@inproceedings{fisher1928limiting,
  title={Limiting forms of the frequency distribution of the largest or smallest member of a sample},
  author={Fisher, Ronald Aylmer and Tippett, Leonard Henry Caleb},
  booktitle={Mathematical Proceedings of the Cambridge Philosophical Society},
  volume={24},
  number={2},
  pages={180--190},
  year={1928},
  organization={Cambridge University Press}
}

@article{guillou2001diagnostic,
  title={A diagnostic for selecting the threshold in extreme value analysis},
  author={Guillou, Armelle and Hall, Peter},
  journal={Journal of the Royal Statistical Society: Series B (Statistical Methodology)},
  volume={63},
  number={2},
  pages={293--305},
  year={2001},
  publisher={Wiley Online Library}
}

@Book{gumbel1958,
  Title                    = {Statistics of Extremes},
  Author                   = {Gumbel, E. J.},
  Publisher                = {Columbia University Press},
  Year                     = {1958}
}

@article{dupuis1999exceedances,
  title={Exceedances over high thresholds: A guide to threshold selection},
  author={Dupuis, Debbie J},
  journal={Extremes},
  volume={1},
  number={3},
  pages={251--261},
  year={1999},
  publisher={Springer}
}

@book{coles2001introduction,
  title={An introduction to statistical modelling of extreme values},
  author={Coles, Stuart G},
  volume={208},
  year={2001},
  publisher={Springer}
}

@article{beirlant2018estimation,
  title={Estimation of the extreme value index in a censorship framework: asymptotic and finite sample behaviour},
  author={Beirlant, Jan and Worms, Julien and Worms, Rym},
  journal={arXiv preprint arXiv:1804.06583},
  year={2018}
}

@article{ameraoui2016bayesian,
  title={Bayesian estimation of the tail index of a heavy tailed distribution under random censoring},
  author={Ameraoui, Abdelkader and Boukhetala, Kamal and Dupuy, Jean-Fran{\c{c}}ois},
  journal={Computational Statistics \& Data Analysis},
  volume={104},
  pages={148--168},
  year={2016},
  publisher={Elsevier}
}

@article{babu2002application,
  title={Application of Bernstein polynomials for smooth estimation of a distribution and density function},
  author={Babu, G Jogesh and Canty, Angelo J and Chaubey, Yogendra P},
  journal={Journal of Statistical Planning and Inference},
  volume={105},
  number={2},
  pages={377--392},
  year={2002},
  publisher={Elsevier}
}

@article{matthys2000adaptive,
  title={Adaptive threshold selection in tail index estimation},
  author={Matthys, Gunther and Beirlant, Jan},
  journal={Extremes and Integrated Risk Management},
  pages={37--49},
  year={2000},
  publisher={Risk Books London, UK}
}

@article{sue1987linear,
  title={Linear models, random censoring and synthetic data},
  author={Leurgans, Sue},
  journal={Biometrika},
  volume={74},
  number={2},
  pages={301--309},
  year={1987},
  publisher={Oxford University Press}
}

@article{worms2014new,
  title={New estimators of the extreme value index under random right censoring, for heavy-tailed distributions},
  author={Worms, Julien and Worms, Rym},
  journal={Extremes},
  volume={17},
  number={2},
  pages={337--358},
  year={2014},
  publisher={Springer}
}

@article{caeiro2005direct,
  title={Direct reduction of bias of the classical Hill estimator},
  author={Caeiro, Frederico and Gomes, M Ivette and Pestana, Dinis},
  journal={Revstat},
  volume={3},
  number={2},
  pages={113--136},
  year={2005}
}

@article{balkema1974residual,
  title={Residual life time at great age},
  author={Balkema, August A and de Haan, Laurens},
  journal={The Annals of probability},
  pages={792--804},
  year={1974},
  publisher={JSTOR}
}

@Article{frechet1927,
  Title                    = {On the law of probability of the maximum gaps},
  Author                   = {Fréchet, M},
  Journal                  = {Annales de la societe Polonaise de mathematique(Cracow)},
  Year                     = {1927},
  Pages                    = {93-117},
  Volume                   = {6},

  Owner                    = {Microsoft},
  Timestamp                = {2014.07.14}
}

@article{brahimi2015gaussian,
  title={Gaussian approximation to the extreme value index estimator of a heavy-tailed distribution under random censoring},
  author={Brahimi, Brahim and Meraghni, Djamel and Necir, Abdelhakim},
  journal={Mathematical Methods of Statistics},
  volume={24},
  number={4},
  pages={266--279},
  year={2015},
  publisher={Springer}
}

@article{dodd1923greatest,
  title={The greatest and the least variate under general laws of error},
  author={Dodd, Edward Lewis},
  journal={Transactions of the American Mathematical Society},
  volume={25},
  number={4},
  pages={525--539},
  year={1923},
  publisher={JSTOR}
}

@article{einmahl2008statistics,
  title={Statistics of extremes under random censoring},
  author={Einmahl, John HJ and Fils-Villetard, Am{\'e}lie and Guillou, Armelle and others},
  journal={Bernoulli},
  volume={14},
  number={1},
  pages={207--227},
  year={2008},
  publisher={Bernoulli Society for Mathematical Statistics and Probability}
}

@article{dekkers1989moment,
  title={A moment estimator for the index of an extreme-value distribution},
  author={Dekkers, Arnold LM and Einmahl, John HJ and de Haan, Laurens},
  journal={The Annals of Statistics},
  pages={1833--1855},
  year={1989},
  publisher={JSTOR}
}

@article{beirlant2007estimation,
  title={Estimation of the extreme value index and extreme quantiles under random censoring},
  author={Beirlant, Jan and Guillou, Armelle and Dierckx, Goedele and Fils-Villetard, Am{\'e}lie},
  journal={Extremes},
  volume={10},
  number={3},
  pages={151--174},
  year={2007},
  publisher={Springer}
}

@book{reiss2007statistical,
  title={Statistical analysis of extreme values},
  author={Reiss, Rolf-Dieter and Thomas, Michael},
  volume={2},
  year={2007},
  publisher={Springer}
}

@article{delafosse2002almost,
  title={Almost sure convergence of a tail index estimator in the presence of censoring},
  author={Delafosse, Emmanuel and Guillou, Armelle},
  journal={Comptes Rendus Mathematique},
  volume={335},
  number={4},
  pages={375--380},
  year={2002},
  publisher={Elsevier}
}

@article{beirlant2001pareto,
  title={Pareto index estimation under moderate right censoring},
  author={Beirlant, Jan and Guillou, Armelle},
  journal={Scandinavian Actuarial Journal},
  volume={2001},
  number={2},
  pages={111--125},
  year={2001},
  publisher={Taylor \& Francis}
}

@article{gomes2011estimation,
  title={Estimation of the extreme value index for randomly censored data},
  author={Gomes, M Ivette and Neves, M Manuela},
  journal={Biometrical Letters},
  volume={48},
  number={1},
  pages={1--22},
  year={2011}
}

@article{coles1996bayesian,
  title={Bayesian methods in extreme value modelling: a review and new developments},
  author={Coles, Stuart G and Powell, Elwyn A},
  journal={International Statistical Review/Revue Internationale de Statistique},
  pages={119--136},
  year={1996},
  publisher={JSTOR}
}

@article{castillo1997fitting,
  title={Fitting the generalized Pareto distribution to data},
  author={Castillo, Enrique and Hadi, Ali S},
  journal={Journal of the American Statistical Association},
  volume={92},
  number={440},
  pages={1609--1620},
  year={1997},
  publisher={Taylor \& Francis}
}
@article{hosking1987parameter,
  title={Parameter and quantile estimation for the generalized Pareto distribution},
  author={Hosking, Jonathan RM and Wallis, James R},
  journal={Technometrics},
  volume={29},
  number={3},
  pages={339--349},
  year={1987},
  publisher={Taylor \& Francis}
}

@article{beirlant1999tail,
  title={Tail index estimation and an exponential regression model},
  author={Beirlant, Jan and Dierckx, Goedele and Goegebeur, Yuri and Matthys, Gunther},
  journal={Extremes},
  volume={2},
  number={2},
  pages={177--200},
  year={1999},
  publisher={Springer}
}

@article{papastathopoulos2013extended,
  title={Extended generalised Pareto models for tail estimation},
  author={Papastathopoulos, Ioannis and Tawn, Jonathan A},
  journal={Journal of Statistical Planning and Inference},
  volume={143},
  number={1},
  pages={131--143},
  year={2013},
  publisher={Elsevier}
}

@article{tencaliec2018flexible,
  title={Flexible semiparametric Generalized Pareto modeling of the entire range of rainfall amount},
  author={Tencaliec, Patricia and Favre, Anne-Catherine and Naveau, Philippe and Prieur, Cl{\'e}mentine},
  journal={Environmetrics},
  year={2018}
}

@article{wadsworth2012likelihood,
  title={Likelihood-based procedures for threshold diagnostics and uncertainty in extreme value modelling},
  author={Wadsworth, JL and Tawn, JA},
  journal={Journal of the Royal Statistical Society: Series B (Statistical Methodology)},
  volume={74},
  number={3},
  pages={543--567},
  year={2012},
  publisher={Wiley Online Library}
}

@article{macdonald2011flexible,
  title={A flexible extreme value mixture model},
  author={MacDonald, A and Scarrott, Carl John and Lee, D and Darlow, B and Reale, Marco and Russell, G},
  journal={Computational Statistics \& Data Analysis},
  volume={55},
  number={6},
  pages={2137--2157},
  year={2011},
  publisher={Elsevier}
}


@article{beirlant2009second,
  title={Second-order refined peaks-over-threshold modelling for heavy-tailed distributions},
  author={Beirlant, Jan and Joossens, Elisabeth and Segers, Johan},
  journal={Journal of Statistical Planning and Inference},
  volume={139},
  number={8},
  pages={2800--2815},
  year={2009},
  publisher={Elsevier}
}


@article{carreau2009hybrid2,
  title={A hybrid Pareto model for asymmetric fat-tailed data: the univariate case},
  author={Carreau, Julie and Bengio, Yoshua},
  journal={Extremes},
  volume={12},
  number={1},
  pages={53--76},
  year={2009},
  publisher={Springer}
}

@article{carreau2009hybrid1,
  title={A hybrid pareto mixture for conditional asymmetric fat-tailed distributions},
  author={Carreau, Julie and Bengio, Yoshua},
  journal={IEEE transactions on neural networks},
  volume={20},
  number={7},
  pages={1087--1101},
  year={2009},
  publisher={IEEE}
}

@article{behrens2004bayesian,
  title={Bayesian analysis of extreme events with threshold estimation},
  author={Behrens, Cibele N and Lopes, Hedibert F and Gamerman, Dani},
  journal={Statistical Modelling},
  volume={4},
  number={3},
  pages={227--244},
  year={2004},
  publisher={Sage Publications Sage CA: Thousand Oaks, CA}
}
@article{frigessi2002dynamic,
  title={A dynamic mixture model for unsupervised tail estimation without threshold selection},
  author={Frigessi, Arnoldo and Haug, Ola and Rue, H{\aa}vard},
  journal={Extremes},
  volume={5},
  number={3},
  pages={219--235},
  year={2002},
  publisher={Springer}
}

@article{beirlant2002exponential,
  title={On exponential representations of log-spacings of extreme order statistics},
  author={Beirlant, Jan and Dierckx, Goedele and Guillou, A and Sta{\u{a}}rica{\u{a}}, C},
  journal={Extremes},
  volume={5},
  number={2},
  pages={157--180},
  year={2002},
  publisher={Springer}
}

@article{gomes2004bias,
  title={Bias reduction and explicit semi-parametric estimation of the tail index},
  author={Gomes, M Ivette and Martins, M Jo{\~a}o},
  journal={Journal of statistical planning and inference},
  volume={124},
  number={2},
  pages={361--378},
  year={2004},
  publisher={Elsevier}
}

@Article{bingham1987regular,
  Title                    = {Regular variation (Encyclopedia of Mathematics and its Applications)},
  Author                   = {Bingham, Nicholas H and Goldie, Charles M and Teugels, Jan L},
  Year                     = {1987},

  Publisher                = {Cambridge University Press}
}

@article{tancredi2006accounting,
  title={Accounting for threshold uncertainty in extreme value estimation},
  author={Tancredi, Andrea and Anderson, Clive and O’Hagan, Anthony},
  journal={Extremes},
  volume={9},
  number={2},
  pages={87},
  year={2006},
  publisher={Springer}
}

@article{gomesa2002asymptotically,
  title={“Asymptotically unbiased” estimators of the tail index based on external estimation of the second order parameter},
  author={Gomes, M Ivette and Martins, M Jo{\~a}o},
  journal={Extremes},
  volume={5},
  number={1},
  pages={5--31},
  year={2002},
  publisher={Springer}
}

@article{gomes2000alternatives,
  title={Alternatives to a semi-parametric estimator of parameters of rare events—the Jackknife methodology},
  author={Gomes, M Ivette and Martins, M Jo{\~a}o and Neves, Manuela},
  journal={Extremes},
  volume={3},
  number={3},
  pages={207--229},
  year={2000},
  publisher={Springer}
}

@article{gomes2007improving,
  title={Improving second order reduced bias extreme value index estimation},
  author={Gomes, M Ivette and Martins, M Joao and Neves, Manuela},
  journal={Revstat},
  volume={5},
  number={2},
  pages={177--207},
  year={2007}
}

@article{caeiro2005direct,
  title={Direct reduction of bias of the classical Hill estimator},
  author={Caeiro, Frederico and Gomes, M Ivette and Pestana, Dinis},
  journal={Revstat},
  volume={3},
  number={2},
  pages={113--136},
  year={2005}
}

@article{caeiro2009reduced,
  title={Reduced-bias tail index estimators under a third-order framework},
  author={Caeiro, Frederico and Gomes, M Ivette and Rodrigues, L{\'\i}gia Henriques},
  journal={Communications in Statistics—Theory and Methods},
  volume={38},
  number={7},
  pages={1019--1040},
  year={2009},
  publisher={Taylor \& Francis}
}

@article{feuerverger1999estimating,
  title={Estimating a tail exponent by modelling departure from a Pareto distribution},
  author={Feuerverger, Andrey and Hall, Peter and others},
  journal={The Annals of Statistics},
  volume={27},
  number={2},
  pages={760--781},
  year={1999},
  publisher={Institute of Mathematical Statistics}
}

@article{beirlant2008improved,
  title={Improved reduced-bias tail index and quantile estimators},
  author={Beirlant, Jan and Figueiredo, Fernanda and Gomes, M Ivette and Vandewalle, Bj{\"o}rn},
  journal={Journal of Statistical Planning and Inference},
  volume={138},
  number={6},
  pages={1851--1870},
  year={2008},
  publisher={Elsevier}
}

@article{smith1987estimating,
  title={Estimating tails of probability distributions},
  author={Smith, Richard L},
  journal={The annals of Statistics},
  pages={1174--1207},
  year={1987},
  publisher={JSTOR}
}
@article{loretan1994testing,
  title={Testing the covariance stationarity of heavy-tailed time series},
  author={Loretan, Mico and Phillips, Peter CB},
  journal={Journal of empirical finance},
  volume={1},
  number={2},
  pages={211--248},
  year={1994}
}
@article{matthys2000adaptive,
  title={Adaptive threshold selection in tail index estimation},
  author={Matthys, Gunther and Beirlant, Jan},
  journal={Extremes and Integrated Risk Management},
  pages={37--49},
  year={2000},
  publisher={Risk Books London,, UK}
}

@article{drees1998selecting,
  title={Selecting the optimal sample fraction in univariate extreme value estimation},
  author={Drees, Holger and Kaufmann, Edgar},
  journal={Stochastic Processes and their Applications},
  volume={75},
  number={2},
  pages={149--172},
  year={1998},
  publisher={Elsevier}
}

@article{gomes2001bootstrap,
  title={The bootstrap methodology in statistics of extremes—choice of the optimal sample fraction},
  author={Gomes, M Ivette and Oliveira, Orlando},
  journal={Extremes},
  volume={4},
  number={4},
  pages={331--358},
  year={2001},
  publisher={Springer}
}

@article{draisma1999bootstrap,
  title={A bootstrap-based method to achieve optimality in estimating the extreme-value index},
  author={Draisma, Gerrit and de Haan, Laurens and Peng, Liang and Pereira, T Themido},
  journal={Extremes},
  volume={2},
  number={4},
  pages={367--404},
  year={1999},
  publisher={Springer}
}
@article{danielsson2001using,
  title={Using a bootstrap method to choose the sample fraction in tail index estimation},
  author={Danielsson, Jon and de Haan, Laurens and Peng, Liang and de Vries, Capser G},
  journal={Journal of Multivariate analysis},
  volume={76},
  number={2},
  pages={226--248},
  year={2001},
  publisher={Elsevier}
}


@article{de1998comparison,
  title={Comparison of tail index estimators},
  author={de Haan, L and Peng, Liang},
  journal={Statistica Neerlandica},
  volume={52},
  number={1},
  pages={60--70},
  year={1998},
  publisher={Wiley Online Library}
}

@article{dekkers1993optimal,
  title={Optimal choice of sample fraction in extreme-value estimation},
  author={Dekkers, Arnold LM and de Haan, Laurens},
  journal={Journal of Multivariate Analysis},
  volume={47},
  number={2},
  pages={173--195},
  year={1993},
  publisher={Elsevier}
}

@article{ferreira2003optimising,
  title={On optimising the estimation of high quantiles of a probability distribution},
  author={Ferreira, A and de Haan, Laurens and Peng, Liang},
  journal={Statistics},
  volume={37},
  number={5},
  pages={401--434},
  year={2003},
  publisher={Taylor \& Francis}
}

@article{dumouchel1983estimating,
  title={Estimating the stable index $\alpha$ in order to measure tail thickness: a critique},
  author={DuMouchel, William H},
  journal={the Annals of Statistics},
  pages={1019--1031},
  year={1983},
  publisher={JSTOR}
}
@article{pickands1975statistical,
  title={Statistical inference using extreme order statistics},
  author={Pickands, James},
  journal={Annals of Statistics},
  volume={3},
  number={1},
  pages={119--131},
  year={1975}
}

@article{hill1975simple,
  title={A simple general approach to inference about the tail of a distribution},
  author={Hill, Bruce M},
  journal={The annals of statistics},
  pages={1163--1174},
  year={1975},
  publisher={JSTOR}
}

@Article{hall,
  Title                    = {On Some Simple Estimates of an Exponent of Regular Variation},
  Author                   = {Peter Hall},
  Journal                  = {J.R Statist. Soc.},
  Year                     = {1982},
  Number                   = {1},
  Pages                    = {37-42},
  Volume                   = {B 44},

  Owner                    = {Ma-ribe},
  Timestamp                = {2015.02.22}
}
@PhdThesis{berning,
  Title                    = {Improved estimation procedures for a positive extreme value index},
  Author                   = {Berning, Thomas Louw},
  School                   = {Stellenbosch University},
  Year                     = {2010},

  Owner                    = {uvp},
  Timestamp                = {2015.10.10}
}

@incollection{de1984slow,
  title={Slow variation and characterization of domains of attraction},
  author={de Haan, Laurens},
  booktitle={Statistical extremes and applications},
  pages={31--48},
  year={1984},
  publisher={Springer}
}
@Article{welsh,
  Title                    = {Adaptative estimates of parameters of regular variation},
  Author                   = {Hall, P. and Welsh, A.H},
  Journal                  = {Ann. Statist.},
  Year                     = {1985},
  Pages                    = {331-341},
  Volume                   = {13},

  Owner                    = {Ma-ribe},
  Timestamp                = {2015.02.22}
}

@book{albrecher2017reinsurance,
  title={Reinsurance: Actuarial and Statistical Aspects},
  author={Albrecher, Hansj{\"o}rg and Teugels, Jozef L and Beirlant, Jan},
  year={2017},
  publisher={John Wiley \& Sons}
}

@book{leadbetter2012extremes,
  title={Extremes and related properties of random sequences and processes},
  author={Leadbetter, Malcolm R and Lindgren, Georg and Rootz{\'e}n, Holger},
  year={2012},
  publisher={Springer Science \& Business Media}
}

@article{alves2007note,
  title={A note on second order conditions in extreme value theory: linking general and heavy tail conditions},
  author={Fraga Alves, MI and Gomes, M Ivette and de Haan, Laurens and Neves, Cl{\'a}udia},
  journal={REVSTAT Statistical Journal},
  volume={5},
  number={3},
  pages={285--304},
  year={2007}
}

@article{beirlant2017using,
  title={Using shrinkage estimators to reduce bias and MSE in estimation of heavy tails},
  author={Beirlant, Jan and Maribe, Gaonyalelwe and Verster, Andr{\'e}hette},
  journal={REVSTAT--Statistical Journal},
  volume={17},
  number={1},
  pages={91--108},
  year={2019}
}

@article{beirlant2018penalized,
  title={Penalized bias reduction in extreme value estimation for censored Pareto-type data, and long-tailed insurance applications},
  author={Beirlant, Jan and Maribe, Gaonyalelwe and Verster, Andrehette},
  journal={Insurance: Mathematics and Economics},
  volume={78},
  pages={114--122},
  year={2018},
  publisher={Elsevier}
}

@article{beirlant2018bias,
  title={Bias Reduced Peaks over Threshold Tail Estimation},
  author={Beirlant, Jan and Maribe, Gaonyalelwe and Naveau, Philippe and Verster, Andrehette},
  journal={arXiv preprint arXiv:1810.01296},
  year={2018}
}



@techreport{brahimi2013approximations,
  title={Approximations to the tail index estimator of a heavy-tailed distribution under random censoring and application},
  author={Brahimi, Brahim and Meraghni, Djamel and Necir, Abdelhakim},
  year={2015},
  institution={working paper}
}

@article{beirlant2016bias,
  title={Bias reduced tail estimation for censored Pareto type distributions},
  author={Beirlant, Jan and Bardoutsos, Anastasios and de Wet, T and Gijbels, Ir{\`e}ne},
  journal={Statistics \& Probability Letters},
  volume={109},
  pages={78--88},
  year={2016},
  publisher={Elsevier}
}

@article{gomes2003censoring,
  title={Censoring estimators of a positive tail index},
  author={Gomes, M Ivette and Oliveira, Orlando},
  journal={Statistics \& probability letters},
  volume={65},
  number={3},
  pages={147--159},
  year={2003},
  publisher={Elsevier}
}

@article{brahimi2013approximations,
  title={Approximations to the tail index estimator of a heavy-tailed distribution under random censoring and application},
  author={Brahimi, Brahim and Meraghni, Djamel and Necir, Abdelhakim},
  journal={Portugaliae Mathematica},
  volume={24},
  pages={266--279},
  year={2015},
  publisher={Math. Methods. Statist.}
}

@book{zellner1971introduction,
  title={An introduction to Bayesian inference in econometrics},
  author={Zellner, Arnold},
  year={1971},
  publisher={Wiley}
}

@article{alves2003new,
  title={A new class of semi-parametric estimators of the second order parameter},
  author={Fraga Alves, MI and Gomes, M Ivette and de Haan, Laurens},
  journal={Portugaliae Mathematica},
  volume={60},
  number={2},
  pages={193--214},
  year={2003},
  publisher={Lisboa, Gazeta de matematica [etc.]}
}

@article{de1996generalized,
  title={Generalized regular variation of second order},
  author={de Haan, Laurens and Stadtm{\"u}ller, Ulrich},
  journal={Journal of the Australian Mathematical Society},
  volume={61},
  number={3},
  pages={381--395},
  year={1996},
  publisher={Cambridge University Press}
}

@article{gnedenko1943distribution,
  title={On the limit distribution of the maximum term of a random series},
  author={Gnedenko, Boris},
  journal={Annals of mathematics},
  pages={423--453},
  year={1943},
  publisher={JSTOR}
}

@phdthesis{dehaan1970regular,
  title={On regular variation and its application to the weak convergence of sample extremes},
  author={de Haan, L},
  school   = {Mathematisch Centrum, Amsterdam.},
  year={1970}
}

@article{mises1936distribution,
  title={La distribution de la plus grande de n valeurs},
  author={Mises, R von},
  journal={Rev. math. Union interbalcanique},
  volume={1},
  pages={141--160},
  year={1936}
}


